tom@glaroam2-142-28.wireless.gla.ac.uk.41780