@inproceedings{blair2015holons,
  title={Holons: towards a systematic approach to composing systems of systems},
  author={Blair, Gordon and Bromberg, Y{\'e}rom-David and Coulson, Geoff and Elkhatib, Yehia and R{\'e}veill{\`e}re, Laurent and Ribeiro, Heverson B and Rivi{\`e}re, Etienne and Ta{\"\i}ani, Fran{\c{c}}ois},
  booktitle={Proceedings of the 14th International Workshop on Adaptive and Reflective Middleware},
  pages={5},
  year={2015},
  organization={ACM}
}

@article{polanyi1968life,
  title={Life's irreducible structure},
  author={Polanyi, Michael},
  journal={Science},
  volume={160},
  number={3834},
  pages={1308--1312},
  year={1968},
  publisher={American Association for the Advancement of Science}
}

@article{boulding1956general,
  title={General systems theoryâ€”the skeleton of science},
  author={Boulding, Kenneth E},
  journal={Management science},
  volume={2},
  number={3},
  pages={197--208},
  year={1956},
  publisher={INFORMS}
}

@article{frenken2012optimal,
  title={Optimal modularity: a demonstration of the evolutionary advantage of modular architectures},
  author={Frenken, Koen and Mendritzki, Stefan},
  journal={Journal of Evolutionary Economics},
  volume={22},
  number={5},
  pages={935--956},
  year={2012},
  publisher={Springer}
}

@book{milner2009space,
  title={The space and motion of communicating agents},
  author={Milner, Robin},
  year={2009},
  publisher={Cambridge University Press}
}

@article{sevegnani2015bigraphs,
  title={Bigraphs with sharing},
  author={Sevegnani, Michele and Calder, Muffy},
  journal={Theoretical Computer Science},
  volume={577},
  pages={43--73},
  year={2015},
  publisher={Elsevier}
}

@inproceedings{meilich2006system,
  title={System of systems (SoS) engineering \& architecture challenges in a net centric environment},
  author={Meilich, Abraham},
  booktitle={System of Systems Engineering, 2006 IEEE/SMC International Conference on},
  pages={5--pp},
  year={2006},
  organization={IEEE}
}

@inproceedings{blair2015holons,
  title={Holons: towards a systematic approach to composing systems of systems},
  author={Blair, Gordon and Bromberg, Y{\'e}rom-David and Coulson, Geoff and Elkhatib, Yehia and R{\'e}veill{\`e}re, Laurent and Ribeiro, Heverson B and Rivi{\`e}re, Etienne and Ta{\"\i}ani, Fran{\c{c}}ois},
  booktitle={Proceedings of the 14th International Workshop on Adaptive and Reflective Middleware},
  pages={5},
  year={2015},
  organization={ACM}
}
