@article{wallis_game_on_2020,
  title={Designing a Mobile Game to Generate Player Data-Lessons Learned},
  author={Wallis, William and Kavanagh, William and Miller, Alice and Storer, Tim},
  year={2020}
}

@article{pycx,
  title={PyCX: a Python-based simulation code repository for complex systems education},
  author={Sayama, Hiroki},
  journal={Complex Adaptive Systems Modeling},
  volume={1},
  number={1},
  pages={1--10},
  year={2013},
  publisher={SpringerOpen}
}

@inproceedings{wallis2018caise,
  title={Modelling realistic user behaviour in information systems simulations as fuzzing aspects},
  author={Wallis, Tom and Storer, Tim},
  booktitle={International Conference on Advanced Information Systems Engineering},
  pages={254--268},
  year={2018},
  organization={Springer}
}