@misc{fuzzi_moss_repo,
  author	= {Tim Storer and Tom Wallis},
  title		= {FuzziMoss GitHub Repository},
  howpublished	= {\href{http://www.github.com/twsswt/fuzzi-moss}{http://www.github.com/twsswt/fuzzi-moss}},
  month		= {June},
  year		= {2018}
}

@misc{pydysofu_repo,
  author	= {Tim Storer and Tom Wallis},
  title		= {PyDySoFu GitHub Repository},
  howpublished	= {\href{http://www.github.com/twsswt/pydysofu}{http://www.github.com/twsswt/pydysofu}},
  month		= {June},
  year		= {2018}
}

@misc{asp_repo,
  author	= {Tim Storer and Tom Wallis},
  title		= {ASP GitHub Repository},
  howpublished	= {\href{http://www.github.com/probablytom/asp}{http://www.github.com/probablytom/asp}},
  month		= {June},
  year		= {2018}
}

@misc{theatre_repo,
  author	= {Tim Storer and Tom Wallis},
  title		= {Theatre GitHub Repository},
  howpublished	= {\href{https://github.com/twsswt/theatre\_ag}{https://github.com/twsswt/theatre\_ag}},
  month		= {June},
  year		= {2018}
}

@misc{process_mining_research_agenda,
  title={Process mining: a research agenda},
  author={Van der Aalst, Wil MP and Weijters, AJMM},
  year={2004},
  publisher={Elsevier}
}

@article{secsy,
  title={SecSy: Synthesizing Process Event Logs},
  author={Accorsi, Rafael and Stocker, Thomas},
  journal={Enterprise Modelling and Information Systems Architectures (EMISA 2013)},
  year={2013},
  publisher={Gesellschaft f{\"u}r Informatik eV}
}

@inproceedings{on_bp_variant_generation,
  title={On Business Process Variants Generation.},
  author={Pourmasoumi, Asef and Kahani, Mohsen and Bagheri, Ebrahim and Asadi, Mohsen},
  booktitle={CAiSE Forum},
  pages={179--188},
  year={2015}
}

@incollection{threegoodreasons,
  title={Three good reasons for using a Petri-net-based workflow management system},
  author={Van Der Aalst, Wil MP},
  booktitle={Information and Process Integration in Enterprises},
  pages={161--182},
  year={1998},
  publisher={Springer}
}

@inproceedings{mattia_sts,
  title={From security-by-design to the identification of security-critical deviations in process executions},
  author={Salnitri, Mattia and Alizadeh, Mahdi and Giovanella, Daniele and Zannone, Nicola and Giorgini, Paolo},
  booktitle={International Conference on Advanced Information Systems Engineering},
  pages={218--234},
  year={2018},
  organization={Springer}
}

@inproceedings{pdsf_paper,
  title={Modelling Realistic User Behaviour in Information Systems Simulations as Fuzzing Aspects},
  author={Wallis, Tom and Storer, Tim},
  booktitle={International Conference on Advanced Information Systems Engineering},
  pages={254--268},
  year={2018},
  organization={Springer}
}

@article{log_noise_removal,
  title={Process mining on noisy logs—Can log sanitization help to improve performance?},
  author={Cheng, Hsin-Jung and Kumar, Akhil},
  journal={Decision Support Systems},
  volume={79},
  pages={138--149},
  year={2015},
  publisher={Elsevier}
}

@phdthesis{thesis_process_structure_trees,
  title={Mining process model variants: Challenges, techniques, examples},
  author={Li, Chen},
  year={2010},
  school={University of Twente, The Netherlands}
}

@misc{wfgraphs_repo,
  author	= {Tom Wallis},
  title		= {WFGraphs GitHub Repository},
  howpublished	= {\href{https://github.com/probablytom/workflow\_graphs}{https://github.com/probablytom/workflow\_graphs}},
  month		= {June},
  year		= {2019}
}

@misc{van3536bpi,
  title={BPI challenge 2012 dataset (2012)},
  author={Van Dongen, B}
}

@misc{bpi_model_repo,
  author	= {Tom Wallis},
  title		= {BPI Challenge Model GitHub Repository},
  howpublished	= {\href{https://github.com/probablytom/bpi\_13\_python}{https://github.com/probablytom/bpi\_13\_python}},
  month		= {June},
  year		= {2019}
}

@article{hanakawa,
  title={A knowledge-based software process simulation model},
  author={Hanakawa, Noriko and Matsumoto, Ken-ichi and Torii, Koji},
  journal={Annals of Software Engineering},
  volume={14},
  number={1-4},
  pages={383--406},
  year={2002},
  publisher={Springer}
}

@inproceedings{degraded_modes,
  title={‘Understanding the contribution of degraded modes of operation as a cause of incidents and accidents in air traffic management},
  author={Johnson, Chris W and Shea, Christine and House, Whittle and Park, Birchwood},
  booktitle={Proceedings of the 25 th International System Safety Conference},
  year={2007}
}

@inproceedings{reference_agile_model,
  title={A reference model for simulating agile processes},
  author={De Silva, Ian J and Rayadurgam, Sanjai and Heimdahl, Mats PE},
  booktitle={Proceedings of the 2015 International Conference on Software and System Process},
  pages={82--91},
  year={2015},
  organization={ACM}
}

@article{marsh_thesis,
  title={Formalising trust as a computational concept},
  author={Marsh, Stephen Paul},
  year={1994},
  publisher={University of Stirling}
}

@article{qpq_game,
  title={QPQ: a Simulation Game for Operations Management Students},
  author={Koukou, MI and Dekkers, R and Aldossary, MA and Zhou, Q},
  year={2017}
}

@misc{endlessh,
  author	= {Christopher Wellons},
  title		= {Endlessh Github Repository},
  howpublished	= {\href{https://github.com/skeeto/endlessh}{https://github.com/skeeto/endlessh}},
  month		= {June},
  year		= {2019}
}

@misc{pdsf_repo,
  author	= {Tim Storer and Tom Wallis},
  title		= {PyDySoFu GitHub Repository},
  howpublished	= {\href{http://www.github.com/twsswt/pydysofu}{http://www.github.com/twsswt/pydysofu}},
  month		= {June},
  year		= {2018}
}

@inproceedings{bazoun2014business,
  title={Business Process Simulation: Transformation of BPMN 2.0 to DEVS Models},
  author={Bazoun, Hassan and Zacharewicz, G and Ducq, Y and Boye, H},
  booktitle={Proceedings of the Symposium on Theory of Modeling \& Simulation-DEVS Integrative M\&S Symposium},
  pages={13--16},
  year={2014}
}

@article{dori1995object,
  title={Object-process analysis: maintaining the balance between system structure and behaviour},
  author={Dori, Dov},
  journal={Journal of Logic and Computation},
  volume={5},
  number={2},
  pages={227--249},
  year={1995},
  publisher={Dov Gabbay}
}

@techreport{iso_pnml,
type = {Standard},
key = {ISO 15909-1:2004},
month = dec,
year = {2004},
title = {Systems and software engineering -- High-level Petri nets},
address = {Geneva, CH},
institution = {International Organization for Standardization}
}

@article{aalst_generating_logs,
  title={Generating event logs for high-level process models},
  author={Mitsyuk, Alexey A and Shugurov, Ivan S and Kalenkova, Anna A and van der Aalst, Wil MP},
  journal={Simulation Modelling Practice and Theory},
  volume={74},
  pages={1--16},
  year={2017},
  publisher={Elsevier}
}

@article{xl1,
  title={Casting Petri nets into programs},
  author={Nelson, Robert A. and Haibt, Lois M. and Sheridan, Peter B.},
  journal={IEEE Transactions on Software Engineering},
  number={5},
  pages={590--602},
  year={1983},
  publisher={IEEE}
}