tom@otd-phd-1.local.46582