@inproceedings{blair2015holons,
  title={Holons: towards a systematic approach to composing systems of systems},
  author={Blair, Gordon and Bromberg, Y{\'e}rom-David and Coulson, Geoff and Elkhatib, Yehia and R{\'e}veill{\`e}re, Laurent and Ribeiro, Heverson B and Rivi{\`e}re, Etienne and Ta{\"\i}ani, Fran{\c{c}}ois},
  booktitle={Proceedings of the 14th International Workshop on Adaptive and Reflective Middleware},
  pages={5},
  year={2015},
  organization={ACM}
}

@article{polanyi1968life,
  title={Life's irreducible structure},
  author={Polanyi, Michael},
  journal={Science},
  volume={160},
  number={3834},
  pages={1308--1312},
  year={1968},
  publisher={American Association for the Advancement of Science}
}

@article{boulding1956general,
  title={General systems theory—the skeleton of science},
  author={Boulding, Kenneth E},
  journal={Management science},
  volume={2},
  number={3},
  pages={197--208},
  year={1956},
  publisher={INFORMS}
}

@article{frenken2012optimal,
  title={Optimal modularity: a demonstration of the evolutionary advantage of modular architectures},
  author={Frenken, Koen and Mendritzki, Stefan},
  journal={Journal of Evolutionary Economics},
  volume={22},
  number={5},
  pages={935--956},
  year={2012},
  publisher={Springer}
}

@book{milner2009space,
  title={The space and motion of communicating agents},
  author={Milner, Robin},
  year={2009},
  publisher={Cambridge University Press}
}

@article{sevegnani2015bigraphs,
  title={Bigraphs with sharing},
  author={Sevegnani, Michele and Calder, Muffy},
  journal={Theoretical Computer Science},
  volume={577},
  pages={43--73},
  year={2015},
  publisher={Elsevier}
}

@inproceedings{meilich2006system,
  title={System of systems (SoS) engineering \& architecture challenges in a net centric environment},
  author={Meilich, Abraham},
  booktitle={System of Systems Engineering, 2006 IEEE/SMC International Conference on},
  pages={5--pp},
  year={2006},
  organization={IEEE}
}

@inproceedings{Perrone:2012:MCB:2245276.2231985,
 author = {Perrone, Gian and Debois, S{\o}ren and Hildebrandt, Thomas T.},
 title = {A Model Checker for Bigraphs},
 booktitle = {Proceedings of the 27th Annual ACM Symposium on Applied Computing},
 series = {SAC '12},
 year = {2012},
 isbn = {978-1-4503-0857-1},
 location = {Trento, Italy},
 pages = {1320--1325},
 numpages = {6},
 url = {http://doi.acm.org/10.1145/2245276.2231985},
 doi = {10.1145/2245276.2231985},
 acmid = {2231985},
 publisher = {ACM},
 address = {New York, NY, USA},
 keywords = {Bigraphs, concurrency, model checking, reactive systems},
} 

@inproceedings{perrone2012model,
  title={A model checker for bigraphs},
  author={Perrone, Gian and Debois, S{\o}ren and Hildebrandt, Thomas T},
  booktitle={Proceedings of the 27th Annual ACM Symposium on Applied Computing},
  pages={1320--1325},
  year={2012},
  organization={ACM}
}

@article{benford2016lions,
  title={On lions, impala, and bigraphs: Modelling interactions in physical/virtual spaces},
  author={Benford, Steve and Calder, Muffy and Rodden, Tom and Sevegnani, Michele},
  journal={ACM Transactions on Computer-Human Interaction (TOCHI)},
  volume={23},
  number={2},
  pages={9},
  year={2016},
  publisher={ACM}
}

@article{calder2014modelling,
  title={Modelling IEEE 802.11 CSMA/CA RTS/CTS with stochastic bigraphs with sharing},
  author={Calder, Muffy and Sevegnani, Michele},
  journal={Formal Aspects of Computing},
  volume={26},
  number={3},
  pages={537--561},
  year={2014},
  publisher={Springer}
}

@techreport{milner2001bigraphical,
  title={Bigraphical reactive systems: basic theory},
  author={Milner, Robin},
  year={2001},
  institution={University of Cambridge, Computer Laboratory}
}

@article{polanyi1968life,
  title={Life's irreducible structure},
  author={Polanyi, Michael},
  journal={Science},
  volume={160},
  number={3834},
  pages={1308--1312},
  year={1968},
  publisher={American Association for the Advancement of Science}
}

@article{boulding1956general,
  title={General systems theory—the skeleton of science},
  author={Boulding, Kenneth E},
  journal={Management science},
  volume={2},
  number={3},
  pages={197--208},
  year={1956},
  publisher={INFORMS}
}

@article{frenken2012optimal,
  title={Optimal modularity: a demonstration of the evolutionary advantage of modular architectures},
  author={Frenken, Koen and Mendritzki, Stefan},
  journal={Journal of Evolutionary Economics},
  volume={22},
  number={5},
  pages={935--956},
  year={2012},
  publisher={Springer}
}


@inproceedings{meilich2006system,
  title={System of systems (SoS) engineering \& architecture challenges in a net centric environment},
  author={Meilich, Abraham},
  booktitle={System of Systems Engineering, 2006 IEEE/SMC International Conference on},
  pages={5--pp},
  year={2006},
  organization={IEEE}
}