@article{hollnagel_RAG,
  title={RAG-The resilience analysis grid},
  author={Hollnagel, Erik},
  journal={Resilience engineering in practice: A guidebook. Farnham, UK: Ashgate},
  year={2011}
}